
@Book{Serfling,
	author		= {R. J. Serfling},
	title		= {Approximation Theorems of Mathematical Statistics},
	publisher	= {Wiley},
	address		= {New York},
	numpages 	= 371,
	year 		= 1980,
	language 	= {english}
}

@Book{Gumbel,
	author		= {Э. Гумбель},
	title		= {Статистика экстремальных значений},
	publisher	= {Мир},
	address		= {М.},
	numpages 	= 451,
	year 		= 1965,
	language 	= {russian}
}

@Book{Embrechts,
	author		= {P. Embrects},
	title		= {Modelling Extremal Events for Insurance and Finance},
	publisher	= {Springer},
	address		= {New York},
	numpages 	= 655,
	year 		= 1997,
	language 	= {english}
}

@Book{MonErm,
	author		= {С. М. Ермаков},
	title		= {Метод Монте-Карло в вычислительной математике},
	address		= {Санкт-Петербург},
	numpages 	= 192,
	year 		= 2009,
	language 	= {russian}
}

@ARTICLE{Hill,
  author		= {B. M. Hill},
  title        	= {A simple general approach to inference about the tail of a distribution},
  journal      	= {Annals of Statistics, 13},
  year         	= 1975,
  pages        	= "331--341",
  language 		= {english}
}

@ARTICLE{Ermakov,
  author		= {M. S. Ermakov},
  title        	= {Importance sampling for simulatins of moderate deviation probailities of statistics},
  journal      	= {Statistics and Decisions, 25},
  year         	= 2007,
  pages        	= "265--284",
  language 		= {english}
}





@ARTICLE{Johns,
  author		= {V. M. Johns},
  title        	= {Importance sampling for bootstrap confidence intervals},
  journal      	= {Journal of the American Statistical Association, 83},
  year         	= 1988,
  pages        	= "709--714",
  language 		= {english}
}
